%% NOTE: \LaTeX's comment character `%' is not a comment character in
%% the database files.  \BibTeX allows in the database files any
%% comment that's not within an entry.
%%
%% Repositorio de arquivos .bib disponiveis on-line:
%% http://liinwww.ira.uka.de/bibliography/index.html
%% http://www.math.utah.edu/~beebe/bibliographies.html
%%
%% Se voc� tiver problemas com acentos nas entradas do BibTeX, coloque-os
%% entre { e }, como em Jo{�}o ou ainda Jo{\~a}o.

%---------------------------------------------------------
% A A A
%---------------------------------------------------------
@MANUAL{abnt-classe-doc,
 author       = {Santini Frasson, Miguel Vin\'{\i}cius},
 organization = {Grupo abnTeX},
 title        = {Classe {ABNT}},
 subtitle     = {confec\c{c}\~ao de trabalhos acad\^emicos em {\LaTeX} segundo as normas {ABNT}},
 year         = {2002},
 url          = {http://abntex.codigolivre.org.br}}

@BOOK{Arm1979,
  key          = {Arm1979},
  author       = {M. A. Armstrong},
  year         = 1979,
  title        = {Basic topology},
  publisher    = {McGraw-Hill},
  address      = {London}
}

%---------------------------------------------------------
% B B B
%---------------------------------------------------------

@Book{Bue1990,
  key          = {Bue1990},
  author       = {David J. Buerger},
  title        = {{\LaTeX} for Engineers and Scientists},
  publisher    = {Mc{\-}Graw-Hill},
  address      = {New York, NY, USA},
  pages        = {xvi + 198},
  year         = {1990},
  ISBN         = {0-07-008845-4},
  LCCN         = {Z253.4.L38 B84 1990},
  bibdate      = {Tue Dec 14 22:43:21 1993},
}

%---------------------------------------------------------
% C C C
%---------------------------------------------------------

@ARTICLE{Cha2000,
  key          = {Cha2000},
  author       = {Manoj K. {\href{http://www.math.lsu.edu/~chari/}{Chari}}},
  year         = {2000},
  title        = {\href{http://schutzenberger.liafa.jussieu.fr/FPSAC/FPSAC99/ARTICLES/chari.ps.gz}
                 {On discrete Morse functions and combinatorial decompositions}},
  journal      = {Discrete Math},
  volume       = {217},
  pages        = {101--113}
}

%---------------------------------------------------------
% D D D
%---------------------------------------------------------

@TECHREPORT{Dra1994,
  author        = {Nikos Drakos},
  institution   = {Computer Based Learning Unit, University of Leeds},
  title         = {The {\LaTeX} to {HTML} translator},
  year          = {1994},
  abstract-url  = {http://cbl.leeds.ac.uk/nikos/tex2html/doc/manual/manual.html},
  document-size = {393.0 kbytes},
  url           = {http://cbl.leeds.ac.uk/nikos/tex2html/doc/latex2html.ps},
  month         = {jan},
  type          = {Internal report},
  scope         = {hypertext}
}

%---------------------------------------------------------
% E E E
%---------------------------------------------------------

%---------------------------------------------------------
% F F F
%---------------------------------------------------------

%---------------------------------------------------------
% G G G
%---------------------------------------------------------

@Book{GooMitSam1994,
  key          = {GooMitSam1994},
  author       = {Michel Goossens and Frank Mittelbach and Alexander
                  Samarin},
  title        = {The {\LaTeX} Companion},
  publisher    = {Ad{\-d}i{\-s}on-Wes{\-l}ey},
  address      = {Reading, MA, USA},
  edition      = {Second},
  pages        = {xxi + 530},
  year         = {1994},
  ISBN         = {0-201-54199-8},
  LCCN         = {Z253.4.L38 G66 1994},
  bibdate      = {Wed Nov 16 12:41:07 1994},
  price        = {US\$34.25}
}

%---------------------------------------------------------
% H H H
%---------------------------------------------------------

@Book{Hah1991,
  key          = {Hah1991},
  author       = {Jane Hahn},
  title        = {{\LaTeX} for Everyone},
  publisher    = {Personal {\TeX} Inc.},
  address      = {12 Madrona Street, Mill Valley, CA 94941, USA},
  pages        = {xi + 346},
  year         = {1991},
  ISBN         = {0-9631044-0-3},
  LCCN         = {Z253.4.L38 H34 1991},
  price        = {US\$19.95},
  bibdate      = {Tue Dec 14 22:54:48 1993},
}

@ARTICLE{HopTar1973,
  key          = {HopTar1973},
  author       = {J. Hopcroft and Robert Endre Tarjan},
  year         = 1973,
  title        = {Efficient Algorithms for Graph Manipulation},
  journal      = {Communications of the ACM},
  volume       = 16,
  pages        = {372--378}
}

%---------------------------------------------------------
% I I I
%---------------------------------------------------------

%---------------------------------------------------------
% J J J
%---------------------------------------------------------

%---------------------------------------------------------
% K K K
%---------------------------------------------------------
@BOOK{Knu1989,
  key          = {Knu1989},
  author       = {Donald E. Knuth},
  title        = {{The TeX Book}}, 
  publisher    = {Addison-Wesley},
  year         = {1989},
  edition      = {15th}}

@Book{KopDal1995,
  key          = {KopDal1995},
  author       = {Helmut Kopka and Patrick W. Daly},
  title        = {A Guide to {\LaTeX}2e: Document Preparation for
                  Beginners and Advanced Users},
  publisher    = {Ad{\-d}i{\-s}on-Wes{\-l}ey},
  year         = {1995},
  ISBN         = {0-201-42777-X},
  LCCN         = {Z253.4.L38 K66 1995},
  address      = {Reading, MA, USA},
  edition      = {Second},
  pages        = {x + 554},
  price        = {US\$37.61},
  bibdate      = {Thu May 25 15:18:31 1995},
}

%---------------------------------------------------------
% L L L
%---------------------------------------------------------
@Book{Lam1996,
  key          = {Lam1996},
  author       = {Leslie Lamport},
  title        = {{\LaTeX: A Document Preparation System}},
  edition      = {Second},
  publisher    = {Addison-Wesley},
  address      = {Reading, MA, USA},
  year         = {1996},
  ISBN         = {0-201-52983-1},
}

@TECHREPORT{Lew2002,
  key          = {Lew2002},
  author       = {Thomas Lewiner},
  title        = {{Normas para apresenta\c{c}\~{a}o de teses e disserta\c{c}\~{o}es}}, 
  institution  = {Departamento de Matem\'{a}tica - PUC-Rio},
  year         = {2002}
}

%---------------------------------------------------------
% M M M
%---------------------------------------------------------

%---------------------------------------------------------
% N N N
%---------------------------------------------------------
@manual{NBR10520:2001,
 organization  = {Associa{\c c}\~ao Brasileira de Normas T\'ecnicas},
 org-short     = {ABNT},
 title         = {{NBR} 10520},
 subtitle      = {Informa{\c c}\~ao e documenta{\c c}\~ao --- Apresenta{\c c}\~ao de
                  cita{\c c}\~oes em documentos},
 address       = {Rio de Janeiro},
 pages         = 4,
 month         = jul,
 year          = 2001}

@manual{NBR14724:2001,
 organization  = {Associa{\c c}\~ao Brasileira de Normas T\'ecnicas},
                 org-short={ABNT},
 title         = {{NBR} 14724},
 subtitle      = {Informa{\c c}\~ao e documenta{\c c}\~ao ---
                  trabalhos acad\^emicos --- apresenta{\c c}\~ao},
 address       = {Rio de Janeiro},
 month         = jul,
 pages         = 6,
 year          = 2001}

%---------------------------------------------------------
% O O O
%---------------------------------------------------------

%---------------------------------------------------------
% P P P
%---------------------------------------------------------

%---------------------------------------------------------
% Q Q Q
%---------------------------------------------------------

%---------------------------------------------------------
% R R R
%---------------------------------------------------------

%---------------------------------------------------------
% S S S
%---------------------------------------------------------

@INCOLLECTION{SmiJon1999,
  key          = {SmiJon1999},
  author       = {A. Smith and B. Jones},
  title        = {{On the Complexity of Computing}},
  booktitle    = {Advances in Computer Science},
  pages        = {555-566},
  publisher    = {Publishing Press},
  year         = {1999},
  editor       = {A. B. Smith-Jones}
}

%---------------------------------------------------------
% T T T
%---------------------------------------------------------

@ARTICLE{Tar1975,
  key          = {Tar1975},
  author       = {Robert Endre Tarjan},
  year         = 1975,
  title        = {Efficiency of a good but not linear set union algorithm},
  journal      = {Journal of the ACM},
  volume       = 22,
  number       = 2,
  pages        = {215--225}
}

@BOOK{Tar1983,
  key          = {Tar1983},
  author       = {R. E. Tarjan},
  year         = 1983,
  title        = {Data Structures and Network Algorithms},
  publisher    = {Society for Industrial and Applied Mathematics},
  address      = {Philadelphia}
}

%---------------------------------------------------------
% U U U
%---------------------------------------------------------

%---------------------------------------------------------
% V V V
%---------------------------------------------------------

%---------------------------------------------------------
% W W W
%---------------------------------------------------------

%---------------------------------------------------------
% X X X
%---------------------------------------------------------

%---------------------------------------------------------
% Y Y Y
%---------------------------------------------------------

%---------------------------------------------------------
% Z Z Z
%---------------------------------------------------------

%%%%%%%%%%%%%%%%%%%%%%%%%%%%%%%%%%%%%%%%%%%%%%%%%%%%%%%%%%
%% Below is a description of all fields recognized by the standard
%% bibliography styles.  An entry can also contain other fields, which
%% are ignored by those styles.

%% address
%% Usually the address of the publisher or other type of institution.
%% For major publishing houses, van Leunen recommends omitting the
%% information entirely. For small publishers, on the other hand, you
%% can help the reader by giving the complete address.

%% annote
%% An annotation.  It is not used by the standard bibliography styles,
%% but may be used by others that produce an annotated bibliography.

%% author
%% The name(s) of the author(s),
%% in the format described in the \LaTeX\ book.

%% booktitle
%% Title of a book, part of which is being cited.  See the \LaTeX\
%% book for how to type titles.  For book entries, use the title field
%% instead.

%% chapter
%% A chapter (or section or whatever) number.

%% crossref
%% The database key of the entry being cross referenced.

%% edition
%% The edition of a book---for example, ``Second''.  This should be an
%% ordinal, and should have the first letter capitalized, as shown
%% here; the standard styles convert to lower case when necessary.

%% editor
%% Name(s) of editor(s), typed as indicated in the \LaTeX\ book.  If
%% there is also an author field, then the editor field gives the
%% editor of the book or collection in which the reference appears.

%% howpublished
%% How something strange has been published.  The first word should be
%% capitalized.

%% institution
%% The sponsoring institution of a technical report.

%% journal
%% A journal name.  Abbreviations are provided for many journals; see
%% the Local Guide.

%% key
%% Used for alphabetizing, cross referencing, and creating a label
%% when the ``author'' information (described in Section
%% odds-and-ends) is missing.  This field should not be confused with
%% the key that appears in the \cite command and at the beginning of
%% the database entry.

%% month
%% The month in which the work was published or, for an unpublished
%% work, in which it was written.  You should use the standard
%% three-letter abbreviation, as described in Appendix B.1.3 of the
%% \LaTeX\ book.

%% note
%% Any additional information that can help the reader.  The first
%% word should be capitalized.

%% number
%% The number of a journal, magazine, technical report, or of a work
%% in a series.  An issue of a journal or magazine is usually
%% identified by its volume and number; the organization that issues a
%% technical report usually gives it a number; and sometimes books are
%% given numbers in a named series.

%% organization
%% The organization that sponsors a conference or that publishes a
%% manual.

%% pages
%% One or more page numbers or range of numbers, such as 42--111 or
%% 7,41,73--97 or 43+ (the `+' in this last example indicates pages
%% following that don't form a simple range).  To make it easier to
%% maintain Scribe-compatible databases, the standard styles convert a
%% single dash (as in 7-33) to the double dash used in \TeX\ to denote
%% number ranges (as in 7--33}).

%% publisher
%% The publisher's name.

%% school
%% The name of the school where a thesis was written.

%% series
%% The name of a series or set of books.  When citing an entire book,
%% the the title field gives its title and an optional series field
%% gives the name of a series or multi-volume set in which the book is
%% published.

%% title
%% The work's title, typed as explained in the \LaTeX\ book.

%% type
%% The type of a technical report---for example, ``Research Note''.

%% volume
%% The volume of a journal or multivolume book.

%% year
%% The year of publication or, for an unpublished work, the year it
%% was written.  Generally it should consist of four numerals, such as
%% 1984, although the standard styles can handle any year whose last
%% four nonpunctuation characters are numerals, such as about 1984.
%%%%%%%%%%%%%%%%%%%%%%%%%%%%%%%%%%%%%%%%%%%%%%%%%%%%%%%%%%
